@Misc{XiaoPersonalComm,
  author =       "Xiao Wang",
  title =        "Personal communication",
  year =         2020,
}