@inproceedings{BMR90,
  author = {Donald Beaver and Silvio Micali and Phillip Rogaway},
  title = {The Round Complexity of Secure Protocols},
  booktitle = {22nd Symposium on Theory of Computing},
  year = {1990},
  doi = {10.1145/100216.100287},
}

@misc{cryptoeprint:2016:RR,
	author = {Peter Rindal and Mike Rosulek},
	title = {Faster Malicious 2-party Secure Computation with Online/Ofine Dual Execution},
	howpublished = {Cryptology ePrint Archive, Report 2016/632},
	year = {2016},
	note = {\url{http://eprint.iacr.org/2016/632}},
}

@ARTICLE{BST01,
	author = {Fabrice Boudot and Berry Schoenmakers and Jacques Traoré},
	title = {A Fair and Efficient Solution to the Socialist Millionaires' Problem},
	journal = {Discrete Applied Mathematics},
	year = {2001},
	volume = {111},
	pages = {2001}
}

@inproceedings{NP99,
	author = {Naor, Moni and Pinkas, Benny},
	title = {Oblivious Transfer and Polynomial Evaluation},
	booktitle = {Proceedings of the Thirty-first Annual ACM Symposium on Theory of Computing},
	series = {STOC '99},
	year = {1999},
	isbn = {1-58113-067-8},
	location = {Atlanta, Georgia, USA},
	pages = {245--254},
	numpages = {10},
	url = {http://doi.acm.org/10.1145/301250.301312},
	doi = {10.1145/301250.301312},
	acmid = {301312},
	publisher = {ACM},
	address = {New York, NY, USA},
} 

@article{FNW96,
	author = {Fagin, Ronald and Naor, Moni and Winkler, Peter},
	title = {Comparing Information Without Leaking It},
	journal = {Commun. ACM},
	issue_date = {May 1996},
	volume = {39},
	number = {5},
	month = may,
	year = {1996},
	issn = {0001-0782},
	pages = {77--85},
	numpages = {9},
	url = {http://doi.acm.org/10.1145/229459.229469},
	doi = {10.1145/229459.229469},
	acmid = {229469},
	publisher = {ACM},
	address = {New York, NY, USA},
} 

@article{CLIFFORD200753,
	title = "Simple deterministic wildcard matching",
	journal = "Information Processing Letters",
	volume = "101",
	number = "2",
	pages = "53 - 54",
	year = "2007",
	note = "",
	issn = "0020-0190",
	doi = "http://dx.doi.org/10.1016/j.ipl.2006.08.002",
	url = "http://www.sciencedirect.com/science/article/pii/S002001900600250X",
	author = "Peter Clifford and Raphaël Clifford",
	keywords = "Algorithms",
	keywords = "String matching",
	keywords = "Wildcards"
}
@Article{Chen2006,
	author="Chen, Gong
	and Wu, Xindong
	and Zhu, Xingquan
	and Arslan, Abdullah N.
	and He, Yu",
	title="Efficient string matching with wildcards and length constraints",
	journal="Knowledge and Information Systems",
	year="2006",
	month="Nov",
	day="01",
	volume="10",
	number="4",
	pages="399--419",
	issn="0219-3116",
	doi="10.1007/s10115-006-0016-8",
	url="https://doi.org/10.1007/s10115-006-0016-8"
}


@inproceedings{Namjoshi:2010:RFP:1833515.1833644,
	author = {Namjoshi, Kedar and Narlikar, Girija},
	title = {Robust and Fast Pattern Matching for Intrusion Detection},
	booktitle = {Proceedings of the 29th Conference on Information Communications},
	series = {INFOCOM'10},
	year = {2010},
	isbn = {978-1-4244-5836-3},
	location = {San Diego, California, USA},
	pages = {740--748},
	numpages = {9},
	url = {http://dl.acm.org/citation.cfm?id=1833515.1833644},
	acmid = {1833644},
	publisher = {IEEE Press},
	address = {Piscataway, NJ, USA},
} 


@misc{cryptoeprint:2017:WRKb,
	author = {Xiao Wang and Samuel Ranellucci and Jonathan Katz},
	title = {Global-Scale Secure Multiparty Computation},
	howpublished = {Cryptology ePrint Archive, Report 2017/189},
	year = {2017},
	note = {\url{http://eprint.iacr.org/2017/189}},
}

@inproceedings {DBLP:journals/iacr/RindalR16,
	author = {Peter Rindal and Mike Rosulek},
	title = {Faster Malicious 2-Party Secure Computation with Online/Offline Dual Execution},
	booktitle = {{USENIX} Security 2016},
	year = {2016},
	publisher = {USENIX Association},
}


@misc{cryptoeprint:2017:KNRTT,
	author = {Vladimir Kolesnikov and Jesper Buus Nielsen and Mike Rosulek and Ni Trieu and Roberto Trifiletti},
	title = {DUPLO: Unifying Cut-and-Choose for Garbled Circuits},
	howpublished = {Cryptology ePrint Archive, Report 2017/344},
	year = {2017},
	note = {\url{http://eprint.iacr.org/2017/344}},
}
@misc{cryptoeprint:2017:KRW,
	author = {Xiao Wang and Samuel Ranellucci and Jonathan Katz},
	title = {Authenticated Garbling and Efficient Maliciously Secure Two-Party Computation},
	howpublished = {Cryptology ePrint Archive, Report 2017/030},
	year = {2017},
	note = {\url{http://eprint.iacr.org/2017/030}},
}

@article{KnuthMorrisPratt1977,
	added-at = {2009-08-29T18:11:31.000+0200},
	author = {Knuth, Donald E. and Morris, James H. and Pratt, Vaughan R.},
	biburl = {https://www.bibsonomy.org/bibtex/2600ad29c57ff0368b9f70f173c4e89c6/n770},
	interhash = {00bb834b0f7f5215345f106ef734c1cc},
	intrahash = {600ad29c57ff0368b9f70f173c4e89c6},
	issn = {0097-5397},
	journal = {SIAM Journal on Computing},
	keywords = {imported},
	language = {english},
	month = {March},
	number = 2,
	pages = {323--350},
	timestamp = {2009-08-29T18:12:13.000+0200},
	title = {{Fast Pattern Matching in Strings}},
	volume = 6,
	year = 1977
}




@inproceedings{Yasuda2013,
	author = {Yasuda, Masaya and Shimoyama, Takeshi and Kogure, Jun and Yokoyama, Kazuhiro and Koshiba, Takeshi},
	title = {Secure Pattern Matching Using Somewhat Homomorphic Encryption},
	booktitle = {Proceedings of the 2013 ACM Workshop on Cloud Computing Security Workshop},
	series = {CCSW '13},
	year = {2013},
	isbn = {978-1-4503-2490-8},
	location = {Berlin, Germany},
	pages = {65--76},
	numpages = {12},
	url = {http://doi.acm.org/10.1145/2517488.2517497},
	doi = {10.1145/2517488.2517497},
	acmid = {2517497},
	publisher = {ACM},
	address = {New York, NY, USA},
	keywords = {packing method, pattern matching, somewhat homomorphic encryption, the hamming distance},
} 

@Inbook{Frikken2009,
	author="Frikken, Keith B.",
	editor="Gudes, Ehud
	and Vaidya, Jaideep",
	title="Practical Private DNA String Searching and Matching through Efficient Oblivious Automata Evaluation",
	bookTitle="Data and Applications Security XXIII: 23rd Annual IFIP WG 11.3 Working Conference, Montreal, Canada, July 12-15, 2009. Proceedings",
	year="2009",
	publisher="Springer Berlin Heidelberg",
	address="Berlin, Heidelberg",
	pages="81--94",
	isbn="978-3-642-03007-9",
	doi="10.1007/978-3-642-03007-9_6",
	url="https://doi.org/10.1007/978-3-642-03007-9_6"
}



@INPROCEEDINGS{IJCNN:Hoffmann, 
	author={H. Hoffmann and M. D. Howard and M. J. Daily}, 
	booktitle={The 2011 International Joint Conference on Neural Networks}, 
	title={Fast pattern matching with time-delay neural networks}, 
	year={2011}, 
	pages={2424-2429}, 
	keywords={neural nets;pattern matching;continuous data stream searching;pattern matching;polychronous activation;time-delay neural network;Automata;Biological neural networks;Computational complexity;Delay;Doped fiber amplifiers;Neurons;Pattern matching}, 
	doi={10.1109/IJCNN.2011.6033533}, 
	ISSN={2161-4393}, 
	month={July},}

@article{SOFSEM:CLIFFORD10,
	title = "Pattern matching with don't cares and few errors",
	journal = "Journal of Computer and System Sciences",
	volume = "76",
	number = "2",
	pages = "115 - 124",
	year = "2010",
	note = "",
	issn = "0022-0000",
	doi = "http://dx.doi.org/10.1016/j.jcss.2009.06.002",
	url = "http://www.sciencedirect.com/science/article/pii/S0022000009000567",
	author = "Raphaël Clifford and Klim Efremenko and Ely Porat and Amir Rothschild",
	keywords = "Pattern matching",
	keywords = "String algorithms",
	keywords = "Randomised algorithms",
	keywords = "Group testing"
}

@ARTICLE{MC:DF13, 
	author={K. El Defrawy and S. Faber}, 
	journal={Computer}, 
	title={Blindfolded Data Search via Secure Pattern Matching}, 
	year={2013}, 
	volume={46}, 
	number={12}, 
	pages={68-75}, 
	keywords={data privacy;organisational aspects;pattern matching;SPM;blindfolded data search;corporations;data privacy;governments;information sharing;law enforcement agencies;organizations;secure pattern matching;Computational modeling;Data privacy;Encryption;Pattern matching;Protocols;Standards;SPM;information privacy;pattern matching;secure pattern matching;secure search}, 
	doi={10.1109/MC.2013.73}, 
	ISSN={0018-9162}, 
	month={Dec},}

@Article{SC:Wei2017,
	author="Wei, Xiaochao
	and Zhao, Minghao
	and Xu, Qiuliang",
	title="Efficient and secure outsourced approximate pattern matching protocol",
	journal="Soft Computing",
	year="2017",
	month="Mar",
	day="29",
	issn="1433-7479",
	doi="10.1007/s00500-017-2560-4",
	url="https://doi.org/10.1007/s00500-017-2560-4"
}


@inproceedings{SCN:5PM,
	author = {Baron, Joshua and El Defrawy, Karim and Minkovich, Kirill and Ostrovsky, Rafail and Tressler, Eric},
	title = {5PM: Secure Pattern Matching},
	booktitle = {Proceedings of the 8th International Conference on Security and Cryptography for Networks},
	series = {SCN'12},
	year = {2012},
	isbn = {978-3-642-32927-2},
	location = {Amalfi, Italy},
	pages = {222--240},
	numpages = {19},
	url = {http://dx.doi.org/10.1007/978-3-642-32928-9_13},
	doi = {10.1007/978-3-642-32928-9_13},
	acmid = {2415010},
	publisher = {Springer-Verlag},
	address = {Berlin, Heidelberg},
	keywords = {full simulation, homomorphic encryption, malicious adversary, non-binary hamming distance, secure pattern matching, secure two-party computation, substring pattern matching, threshold encryption, wildcard pattern matching},
} 

@misc{cryptoeprint:2017:148,
	author = {Olivier Sanders and Cristina Onete and Pierre-Alain Fouque},
	title = {Pattern Matching on Encrypted Streams: Applications to DPI and searches on genomic data},
	howpublished = {Cryptology ePrint Archive, Report 2017/148},
	year = {2017},
	note = {\url{http://eprint.iacr.org/2017/148}},
}

@inproceedings{DeCristofaro:2013,
	author = {De Cristofaro, Emiliano and Faber, Sky and Tsudik, Gene},
	title = {Secure Genomic Testing with Size- and Position-hiding Private Substring Matching},
	booktitle = {Proceedings of the 12th ACM Workshop on Workshop on Privacy in the Electronic Society},
	series = {WPES '13},
	year = {2013},
	isbn = {978-1-4503-2485-4},
	location = {Berlin, Germany},
	pages = {107--118},
	numpages = {12},
	url = {http://doi.acm.org/10.1145/2517840.2517849},
	doi = {10.1145/2517840.2517849},
	acmid = {2517849},
	publisher = {ACM},
	address = {New York, NY, USA},
	keywords = {cryptographic protocols, genomics, privacy},
} 
@Inbook{Saha2017,
	author="Saha, Tushar Kanti
	and Koshiba, Takeshi",
	editor="Cuppens, Fr{\'e}d{\'e}ric
	and Wang, Lingyu
	and Cuppens-Boulahia, Nora
	and Tawbi, Nadia
	and Garcia-Alfaro, Joaquin",
	title="An Enhancement of Privacy-Preserving Wildcards Pattern Matching",
	bookTitle="Foundations and Practice of Security: 9th International Symposium, FPS 2016, Qu{\'e}bec City, QC, Canada, October 24-25, 2016, Revised Selected Papers",
	year="2017",
	publisher="Springer International Publishing",
	address="Cham",
	pages="145--160",
	doi="10.1007/978-3-319-51966-1_10",
	url="https://doi.org/10.1007/978-3-319-51966-1_10"
}



@Inbook{Yasuda2014,
	author="Yasuda, Masaya
	and Shimoyama, Takeshi
	and Kogure, Jun
	and Yokoyama, Kazuhiro
	and Koshiba, Takeshi",
	editor="Susilo, Willy
	and Mu, Yi",
	title="Privacy-Preserving Wildcards Pattern Matching Using Symmetric Somewhat Homomorphic Encryption",
	bookTitle="Information Security and Privacy: 19th Australasian Conference, ACISP 2014, Wollongong, NSW, Australia, July 7-9, 2014. Proceedings",
	year="2014",
	publisher="Springer International Publishing",
	address="Cham",
	pages="338--353",
	doi="10.1007/978-3-319-08344-5_22",
	url="https://doi.org/10.1007/978-3-319-08344-5_22"
}

@INPROCEEDINGS{INFOCOM15, 
	author={D. Wang and X. Jia and C. Wang and K. Yang and S. Fu and M. Xu}, 
	booktitle={2015 IEEE Conference on Computer Communications (INFOCOM)}, 
	title={Generalized pattern matching string search on encrypted data in cloud systems}, 
	year={2015}, 
	pages={2101-2109}, 
	keywords={cloud computing;cryptography;query processing;string matching;GPSE scheme;cloud systems;encrypted data;generalized pattern matching string search;generalized wildcard-based string patterns;known-plaintext model;longest-prefix-first matching;search query specification;searchable encryption;substring matching;Accuracy;Cryptography;Euclidean distance;Indexes;Pattern matching;Servers}, 
	doi={10.1109/INFOCOM.2015.7218595}, 
	ISSN={0743-166X}, 
	month={April},}

@inproceedings{naor1999privacy,
  title={Privacy preserving auctions and mechanism design},
  author={Naor, Moni and Pinkas, Benny and Sumner, Reuban},
  booktitle={Proceedings of the 1st ACM conference on Electronic commerce},
  pages={129--139},
  year={1999},
  organization={ACM}
}

@article{Naor:2004:NCE:972639.972643,
	author = {Naor, Moni and Reingold, Omer},
	title = {Number-theoretic Constructions of Efficient Pseudo-random Functions},
	journal = {J. ACM},
	issue_date = {March 2004},
	volume = {51},
	number = {2},
	month = mar,
	year = {2004},
	issn = {0004-5411},
	pages = {231--262},
	numpages = {32},
	url = {http://doi.acm.org/10.1145/972639.972643},
	doi = {10.1145/972639.972643},
	acmid = {972643},
	publisher = {ACM},
	address = {New York, NY, USA},
	keywords = {Pseudo-random functions, constant-depth threshold circuits, decision Diffie--Hellman, factoring, learning theory, natural proofs},
} 


@inproceedings{USENIX:KreSheShe12,
  title={Billion-gate secure computation with malicious adversaries},
  author={Kreuter, Benjamin and {shelat}, {abhi} and Shen, Chih-Hao},
  booktitle={Proceedings of the 21st USENIX conference on Security symposium},
  pages={285--300},
  year={2012},
  organization={USENIX Association}
}



@inproceedings{STOC:Valiant76,
 author = {Leslie G. Valiant},
 title = {Universal circuits (Preliminary Report)},
 booktitle = "STOC",
 year = {1976},
 pages = {196--203},
 location = {Hershey, Pennsylvania, United States},
 publisher = {ACM Press},
 address = {New York, NY, USA},
 }

@inproceedings{ESORICS:DKSSZZ17,
   author = {Ghada Dessouky and Farinaz Koushanfar and Ahmad-Reza Sadeghi 
    and Thomas Schneider and Shaza Zeitouni and Michael Zohner},
  title = {Pushing the Communication Barrier in Secure Computation using 
    Lookup Tables},
  booktitle = {24. Annual Network and Distributed System Security Symposium 
    (NDSS'17)},
  month = {February 26-March 1,},
  year = {2017},
  publisher = {The Internet Society},
  weburl = {http://www.internetsociety.org/events/ndss-symposium/ndss-symposium-2017},
  rate = {$16.1\%$},
  note = {To appear},
  url = {http://thomaschneider.de/papers/DKSSZZ17.pdf}
}

@article{JACM:GolOst96,
 author = {Goldreich, Oded and Ostrovsky, Rafail},
 title = {Software Protection and Simulation on Oblivious {RAMs}},
 journal = {J. ACM},
 issue_date = {May 1996},
 volume = {43},
 number = {3},
 year = {1996},
 issn = {0004-5411},
 pages = {431--473},
 numpages = {43},
 url = {http://doi.acm.org/10.1145/233551.233553},
 doi = {10.1145/233551.233553},
 acmid = {233553},
 publisher = {ACM},
 address = {New York, NY, USA},
 keywords = {pseudorandom functions, simulation of random access machines, software protection},
} 

@book{GoldreichFOC2,
 author = {Goldreich, Oded},
 title = {Foundations of Cryptography: Volume 2, Basic Applications},
 year = {2004},
 isbn = {0521830842},
 publisher = {Cambridge University Press},
 address = {New York, NY, USA},
} 

@article{JACM:GolMicWig91,
 author = {Goldreich, Oded and Micali, Silvio and Wigderson, Avi},
 title = {Proofs That Yield Nothing but Their Validity or All Languages in NP Have Zero-knowledge Proof Systems},
 journal = {J. ACM},
 issue_date = {July 1991},
 volume = {38},
 number = {3},
 month = jul,
 year = {1991},
 issn = {0004-5411},
 pages = {690--728},
 numpages = {39},
 url = {http://doi.acm.org/10.1145/116825.116852},
 doi = {10.1145/116825.116852},
 acmid = {116852},
 publisher = {ACM},
 address = {New York, NY, USA},
 keywords = {NP, cryptographic protocols, fault tolerant distributed computing, graph isomorphism, interactive proofs, methodological design of protocols, one-way functions, proof systems, zero-knowledge},
} 

@inproceedings{Kiraz2006API,
  title={A protocol issue for the malicious case of Yao's garbled circuit construction},
  author={Mehmet Sabir Kiraz and Berry Schoenmakers},
  year={2006},
  journal = {Proceedings of 27th Symposium on Information Theory in
    the Benelux},
  pages={283--290},
}

@misc{emp-toolkit,
  author = {Xiao Wang and Alex J. Malozemoff and Jonathan Katz},
  title = {{EMP-toolkit: Efficient MultiParty computation toolkit}},
  howpublished = {\url{https://github.com/emp-toolkit}},
  year={2016}
}

@misc{sigma-prot,
  author = {Ivan Damg{\aa}rd},
  title = {{On $\Sigma$-protocols}},
  howpublished = {\url{http://www.cs.au.dk/~ivan/Sigma.pdf}},
  year={2010},
  note = {Retrieved May 11, 2019},
}


@misc{EPRINT:ZYZL19,
    author = {Shuoyao Zhao and Yu Yu and Jiang Zhang and Hanlin Liu},
    title = {Valiant's Universal Circuits Revisited: an Overall Improvement and a Lower Bound},
    howpublished = {Cryptology ePrint Archive, Report 2018/943},
    year = {2018},
    note = {\url{https://eprint.iacr.org/2018/943}},
}


@misc{EPRINT:HeaKol20,
    author = {David Heath and Vladimir Kolesnikov},
    title = {Stacked Garbling for Disjunctive Zero-Knowledge Proofs},
    howpublished = {Cryptology ePrint Archive, Report 2020/136},
    year = {2020},
    note = {\url{https://eprint.iacr.org/2020/136}},
}

@misc{EPRINT:HeaKol20b,
    author = {David Heath and Vladimir Kolesnikov},
    title = {Stacked Garbling: Garbled Circuit Proportional to Longest
             Execution Path},
    year = {2020},
}
